@article{chiarelli2016combining,
  title = {{Combining energy and Laplacian regularization to accurately retrieve the depth of brain activity of diffuse optical tomographic data}},
  author = {Chiarelli, Antonio M and Maclin, Edward L and Low, Kathy A and Mathewson, Kyle E and Fabiani, Monica and Gratton, Gabriele},
  journal = {Journal of biomedical optics},
  volume = {21},
  number = {3},
  pages = {036008--036008},
  year = {2016},
  publisher = {International Society for Optics and Photonics},
}

@inproceedings{fang2009tetrahedral,
  title = {{Tetrahedral mesh generation from volumetric binary and grayscale images}},
  author = {Fang, Qianqian and Boas, David A},
  booktitle = {2009 IEEE International Symposium on Biomedical Imaging: From Nano to Macro},
  pages = {1142--1145},
  year = {2009},
  organization = {IEEE},
}

@article{naseer2015fnirs,
  title = {{fNIRS-based brain-computer interfaces: a review}},
  author = {Naseer, Noman and Hong, Keum-Shik},
  journal = {Frontiers in human neuroscience},
  volume = {9},
  pages = {3},
  year = {2015},
  publisher = {Frontiers},
}

@article{lotte2007review,
  title = {{A review of classification algorithms for EEG-based brain--computer interfaces}},
  author = {Lotte, Fabien and Congedo, Marco and L{\'e}cuyer, Anatole and Lamarche, Fabrice and Arnaldi, Bruno},
  journal = {Journal of neural engineering},
  volume = {4},
  number = {2},
  pages = {R1},
  year = {2007},
  publisher = {IOP Publishing},
}

@article{Fazli_2012,
  doi = {10.1016/j.neuroimage.2011.07.084},
  url = {https://doi.org/10.1016%2Fj.neuroimage.2011.07.084},
  year = {2012},
  month = {jan},
  publisher = {Elsevier {BV}},
  volume = {59},
  number = {1},
  pages = {519--529},
  author = {Siamac Fazli and Jan Mehnert and Jens Steinbrink and Gabriel Curio and Arno Villringer and Klaus-Robert Müller and Benjamin Blankertz},
  title = {{Enhanced performance by a hybrid {NIRS}{\textendash}{EEG} brain computer interface}},
  journal = {{NeuroImage}},
}

@article{tongconcurrent,
  title = {{Concurrent recordings of electrical evoked potentials and nearinfrared responses to brain activation. 2007}},
  author = {Tong, Y and others},
  journal = {Tufts University},
  year = {2007}
}

@inproceedings{salvatori2006combining,
  title = {{Combining near-infrared spectroscopy and electroencephalography to monitor brain function}},
  author = {Salvatori, Giorgia and Bulf, Luca and Fonda, Sergio and Rovati, Luigi},
  booktitle = {Instrumentation and Measurement Technology Conference, 2006. IMTC 2006. Proceedings of the IEEE},
  pages = {32--36},
  year = {2006},
  organization = {IEEE},
}

@inproceedings{ma2012hybrid,
  title = {{A hybrid brain-computer interface combining the EEG and NIRS}},
  author = {Ma, Lan and Zhang, Lixin and Wang, Lu and Xu, Minpeng and Qi, Hongzhi and Wan, Baikun and Ming, Dong and Hu, Yong},
  booktitle = {Virtual Environments Human-Computer Interfaces and Measurement Systems (VECIMS), 2012 IEEE International Conference on},
  pages = {159--162},
  year = {2012},
  organization = {IEEE},
}

@inproceedings{lee2014hybrid,
  title = {{Hybrid brain-computer interface based on EEG and NIRS modalities}},
  author = {Lee, Min-Ho and Fazli, Siamac and Mehnert, Jan and Lee, Seong-Whan},
  booktitle = {Brain-Computer Interface (BCI), 2014 International Winter Workshop on},
  pages = {1--2},
  year = {2014},
  organization = {IEEE},
}

@article{khan2014decoding,
  title = {{Decoding of four movement directions using hybrid NIRS-EEG brain-computer interface}},
  author = {Khan, M Jawad and Hong, Melissa Jiyoun and Hong, Keum-Shik},
  journal = {Frontiers in human neuroscience},
  volume = {8},
  pages = {244},
  year = {2014},
  publisher = {Frontiers},
}

@article{buccino2016hybrid,
  title = {{Hybrid EEG-fNIRS Asynchronous Brain-Computer Interface for Multiple Motor Tasks}},
  author = {Buccino, Alessio Paolo and Keles, Hasan Onur and Omurtag, Ahmet},
  journal = {PloS one},
  volume = {11},
  number = {1},
  pages = {e0146610},
  year = {2016},
  publisher = {Public Library of Science},
}

@article{khan2017hybrid,
  title = {{hybrid eeg--fnirs-Based eight-command Decoding for Bci: application to Quadcopter control}},
  author = {Khan, Muhammad Jawad and Hong, Keum-Shik},
  journal = {Frontiers in neurorobotics},
  volume = {11},
  year = {2017},
  publisher = {Frontiers Media SA},
}

@article{nguyen2017utilization,
  title = {{Utilization of a combined EEG/NIRS system to predict driver drowsiness}},
  author = {Nguyen, Thien and Ahn, Sangtae and Jang, Hyojung and Jun, Sung Chan and Kim, Jae Gwan},
  journal = {Scientific Reports},
  volume = {7},
  year = {2017},
  publisher = {Nature Publishing Group},
}

@article{bashivan2015learning,
  title = {{Learning representations from EEG with deep recurrent-convolutional neural networks}},
  author = {Bashivan, Pouya and Rish, Irina and Yeasin, Mohammed and Codella, Noel},
  journal = {arXiv preprint arXiv:1511.06448},
  year = {2015},
}

@article{lecun2015deep,
	title={Deep learning},
	author={LeCun, Yann and Bengio, Yoshua and Hinton, Geoffrey},
	journal={Nature},
	volume={521},
	number={7553},
	pages={436--444},
	year={2015},
	publisher={Nature Research}
}

@article{jirayucharoensak2014eeg,
	title={EEG-based emotion recognition using deep learning network with principal component based covariate shift adaptation},
	author={Jirayucharoensak, Suwicha and Pan-Ngum, Setha and Israsena, Pasin},
	journal={The Scientific World Journal},
	volume={2014},
	year={2014},
	publisher={Hindawi Publishing Corporation}
}

@inproceedings{hajinoroozi2015feature,
	title={Feature extraction with deep belief networks for driver's cognitive states prediction from EEG data},
	author={Hajinoroozi, Mehdi and Jung, Tzyy-Ping and Lin, Chin-Teng and Huang, Yufei},
	booktitle={Signal and Information Processing (ChinaSIP), 2015 IEEE China Summit and International Conference on},
	pages={812--815},
	year={2015},
	organization={IEEE}
}

@inproceedings{an2014deep,
	title={A deep learning method for classification of EEG data based on motor imagery},
	author={An, Xiu and Kuang, Deping and Guo, Xiaojiao and Zhao, Yilu and He, Lianghua},
	booktitle={International Conference on Intelligent Computing},
	pages={203--210},
	year={2014},
	organization={Springer}
}

@inproceedings{hennrich2015investigating,
	title={Investigating deep learning for fNIRS based BCI},
	author={Hennrich, Johannes and Herff, Christian and Heger, Dominic and Schultz, Tanja},
	booktitle={Engineering in Medicine and Biology Society (EMBC), 2015 37th Annual International Conference of the IEEE},
	pages={2844--2847},
	year={2015},
	organization={IEEE}
}

@article{abibullaev2011neural,
	title={Neural network classification of brain hemodynamic responses from four mental tasks},
	author={Abibullaev, Berdakh and An, Jinung and Moon, Jeon-Il},
	journal={International Journal of Optomechatronics},
	volume={5},
	number={4},
	pages={340--359},
	year={2011},
	publisher={Taylor \& Francis}
}

@article{nguyen2013temporal,
	title={Temporal hemodynamic classification of two hands tapping using functional near—infrared spectroscopy},
	author={Nguyen, Hai Thanh and Ngo, Cuong Quoc and Truong Quang Dang, KHOA and Vo, Van Toi},
	journal={Frontiers in human neuroscience},
	volume={7},
	pages={516},
	year={2013},
	publisher={Frontiers}
}

@article{wolpaw2000brain,
	title={Brain-computer interface technology: a review of the first international meeting},
	author={Wolpaw, Jonathan R and Birbaumer, Niels and Heetderks, William J and McFarland, Dennis J and Peckham, P Hunter and Schalk, Gerwin and Donchin, Emanuel and Quatrano, Louis A and Robinson, Charles J and Vaughan, Theresa M and others},
	journal={IEEE transactions on rehabilitation engineering},
	volume={8},
	number={2},
	pages={164--173},
	year={2000}
}

@article{amiri2013review,
	title={A review of hybrid brain-computer interface systems},
	author={Amiri, Setare and Fazel-Rezai, Reza and Asadpour, Vahid},
	journal={Advances in Human-Computer Interaction},
	volume={2013},
	pages={1},
	year={2013},
	publisher={Hindawi Publishing Corp.}
}

@article{hallez2007review,
	title={Review on solving the forward problem in EEG source analysis},
	author={Hallez, Hans and Vanrumste, Bart and Grech, Roberta and Muscat, Joseph and De Clercq, Wim and Vergult, Anneleen and D'Asseler, Yves and Camilleri, Kenneth P and Fabri, Simon G and Van Huffel, Sabine and others},
	journal={Journal of neuroengineering and rehabilitation},
	volume={4},
	number={1},
	pages={46},
	year={2007},
	publisher={BioMed Central}
}

@inproceedings{hennrich2015investigating,
	title={Investigating deep learning for fNIRS based BCI},
	author={Hennrich, Johannes and Herff, Christian and Heger, Dominic and Schultz, Tanja},
	booktitle={Engineering in Medicine and Biology Society (EMBC), 2015 37th Annual International Conference of the IEEE},
	pages={2844--2847},
	year={2015},
	organization={IEEE}
}

@misc{boas2014twenty,
	title={Twenty years of functional near-infrared spectroscopy: introduction for the special issue},
	author={Boas, David A and Elwell, Clare E and Ferrari, Marco and Taga, Gentaro},
	year={2014},
	publisher={Elsevier}
}

@article{villringer1997non,
	title={Non-invasive optical spectroscopy and imaging of human brain function},
	author={Villringer, Arno and Chance, Britton},
	journal={Trends in neurosciences},
	volume={20},
	number={10},
	pages={435--442},
	year={1997},
	publisher={Elsevier}
}

@article{croce2016eeg,
	title={EEG? fMRI Bayesian framework for neural activity estimation: a simulation study},
	author={Croce, Pierpaolo and Basti, Alessio and Marzetti, Laura and Zappasodi, Filippo and Del Gratta, Cosimo},
	journal={Journal of Neural Engineering},
	volume={13},
	number={6},
	pages={066017},
	year={2016},
	publisher={IOP Publishing}
}

@inproceedings{lee2014hybrid,
	title={Hybrid brain-computer interface based on EEG and NIRS modalities},
	author={Lee, Min-Ho and Fazli, Siamac and Mehnert, Jan and Lee, Seong-Whan},
	booktitle={Brain-Computer Interface (BCI), 2014 International Winter Workshop on},
	pages={1--2},
	year={2014},
	organization={IEEE}
}

@article{fazli2012enhanced,
	title={Enhanced performance by a hybrid NIRS--EEG brain computer interface},
	author={Fazli, Siamac and Mehnert, Jan and Steinbrink, Jens and Curio, Gabriel and Villringer, Arno and M{\"u}ller, Klaus-Robert and Blankertz, Benjamin},
	journal={Neuroimage},
	volume={59},
	number={1},
	pages={519--529},
	year={2012},
	publisher={Elsevier}
}

@article{neuper2006erd,
	title={ERD/ERS patterns reflecting sensorimotor activation and deactivation},
	author={Neuper, Christa and W{\"o}rtz, Michael and Pfurtscheller, Gert},
	journal={Progress in brain research},
	volume={159},
	pages={211--222},
	year={2006},
	publisher={Elsevier}
}

@article{wolpaw2002brain,
	title={Brain--computer interfaces for communication and control},
	author={Wolpaw, Jonathan R and Birbaumer, Niels and McFarland, Dennis J and Pfurtscheller, Gert and Vaughan, Theresa M},
	journal={Clinical neurophysiology},
	volume={113},
	number={6},
	pages={767--791},
	year={2002},
	publisher={Elsevier}
}

@article{cheng1994neural,
	title={Neural networks: A review from a statistical perspective},
	author={Cheng, Bing and Titterington, D Michael},
	journal={Statistical science},
	pages={2--30},
	year={1994},
	publisher={JSTOR}
}

@article{deng2014deep,
	title={Deep learning: methods and applications},
	author={Deng, Li and Yu, Dong and others},
	journal={Foundations and Trends{\textregistered} in Signal Processing},
	volume={7},
	number={3--4},
	pages={197--387},
	year={2014},
	publisher={Now Publishers, Inc.}
}

@article{srivastava2014dropout,
	title={Dropout: a simple way to prevent neural networks from overfitting.},
	author={Srivastava, Nitish and Hinton, Geoffrey E and Krizhevsky, Alex and Sutskever, Ilya and Salakhutdinov, Ruslan},
	journal={Journal of Machine Learning Research},
	volume={15},
	number={1},
	pages={1929--1958},
	year={2014}
}

@inproceedings{krizhevsky2012imagenet,
	title={Imagenet classification with deep convolutional neural networks},
	author={Krizhevsky, Alex and Sutskever, Ilya and Hinton, Geoffrey E},
	booktitle={Advances in neural information processing systems},
	pages={1097--1105},
	year={2012}
}

@article{pfurtscheller2001motor,
	title={Motor imagery and direct brain-computer communication},
	author={Pfurtscheller, Gert and Neuper, Christa},
	journal={Proceedings of the IEEE},
	volume={89},
	number={7},
	pages={1123--1134},
	year={2001},
	publisher={IEEE}
}

@article{wolpaw2000brain,
	title={Brain-computer interface technology: a review of the first international meeting},
	author={Wolpaw, Jonathan R and Birbaumer, Niels and Heetderks, William J and McFarland, Dennis J and Peckham, P Hunter and Schalk, Gerwin and Donchin, Emanuel and Quatrano, Louis A and Robinson, Charles J and Vaughan, Theresa M},
	journal={IEEE transactions on rehabilitation engineering},
	volume={8},
	number={2},
	pages={164--173},
	year={2000},
	publisher={IEEE}
}

@article{lotte2007review,
	title={A review of classification algorithms for EEG-based brain--computer interfaces},
	author={Lotte, Fabien and Congedo, Marco and L{\'e}cuyer, Anatole and Lamarche, Fabrice and Arnaldi, Bruno},
	journal={Journal of neural engineering},
	volume={4},
	number={2},
	pages={R1},
	year={2007},
	publisher={IOP Publishing}
}

@article{hallez2007review,
	title={Review on solving the forward problem in EEG source analysis},
	author={Hallez, Hans and Vanrumste, Bart and Grech, Roberta and Muscat, Joseph and De Clercq, Wim and Vergult, Anneleen and D'Asseler, Yves and Camilleri, Kenneth P and Fabri, Simon G and Van Huffel, Sabine and others},
	journal={Journal of neuroengineering and rehabilitation},
	volume={4},
	number={1},
	pages={46},
	year={2007},
	publisher={BioMed Central}
}

@article{pfurtscheller2010hybrid,
	title={The hybrid BCI},
	author={Pfurtscheller, Gert and Allison, Brendan Z and Brunner, Clemens and Bauernfeind, Gunther and Solis-Escalante, Teodoro and Scherer, Reinhold and Zander, Thorsten O and Mueller-Putz, Gernot and Neuper, Christa and Birbaumer, Niels},
	journal={Frontiers in neuroscience},
	volume={4},
	year={2010},
	publisher={Frontiers Media SA}
}

@article{fazli2012enhanced,
	title={Enhanced performance by a hybrid NIRS--EEG brain computer interface},
	author={Fazli, Siamac and Mehnert, Jan and Steinbrink, Jens and Curio, Gabriel and Villringer, Arno and M{\"u}ller, Klaus-Robert and Blankertz, Benjamin},
	journal={Neuroimage},
	volume={59},
	number={1},
	pages={519--529},
	year={2012},
	publisher={Elsevier}
}

@article{khan2014decoding,
	title={Decoding of four movement directions using hybrid NIRS-EEG brain-computer interface},
	author={Khan, M Jawad and Hong, Melissa Jiyoun and Hong, Keum-Shik},
	journal={Frontiers in human neuroscience},
	volume={8},
	year={2014},
	publisher={Frontiers Media SA}
}

@article{hong2015classification,
	title={Classification of prefrontal and motor cortex signals for three-class fNIRS--BCI},
	author={Hong, Keum-Shik and Naseer, Noman and Kim, Yun-Hee},
	journal={Neuroscience letters},
	volume={587},
	pages={87--92},
	year={2015},
	publisher={Elsevier}
}

@article{villringer1997non,
	title={Non-invasive optical spectroscopy and imaging of human brain function},
	author={Villringer, Arno and Chance, Britton},
	journal={Trends in neurosciences},
	volume={20},
	number={10},
	pages={435--442},
	year={1997},
	publisher={Elsevier}
}

@article{ferrari2012brief,
	title={A brief review on the history of human functional near-infrared spectroscopy (fNIRS) development and fields of application},
	author={Ferrari, Marco and Quaresima, Valentina},
	journal={Neuroimage},
	volume={63},
	number={2},
	pages={921--935},
	year={2012},
	publisher={Elsevier}
}

@article{chiarelli2015comparison,
	title={Comparison of procedures for co-registering scalp-recording locations to anatomical magnetic resonance images},
	author={Chiarelli, Antonio M and Maclin, Edward L and Low, Kathy A and Fabiani, Monica and Gratton, Gabriele},
	journal={Journal of biomedical optics},
	volume={20},
	number={1},
	pages={016009--016009},
	year={2015},
	publisher={International Society for Optics and Photonics}
}

@article{croce2017exploiting,
	title={Exploiting neurovascular coupling: A Bayesian Sequential Monte Carlo approach applied to simulated EEG fNIRS data.},
	author={Croce, Pierpaolo and Zappasodi, Filippo and Merla, Arcangelo and Chiarelli, Antonio},
	journal={Journal of Neural Engineering},
	year={2017},
	publisher={IOP Publishing}
}

@article{nuwer1988quantitative,
	title={Quantitative EEG: I. Techniques and problems of frequency analysis and topographic mapping.},
	author={Nuwer, Marc R},
	journal={Journal of Clinical Neurophysiology},
	volume={5},
	number={1},
	pages={1--44},
	year={1988},
	publisher={LWW}
}

@article{farroni2013infant,
	title={Infant cortex responds to other humans from shortly after birth},
	author={Farroni, Teresa and Chiarelli, Antonio M and Lloyd-Fox, Sarah and Massaccesi, Stefano and Merla, Arcangelo and Di Gangi, Valentina and Mattarello, Tania and Faraguna, Dino and Johnson, Mark H},
	journal={Scientific reports},
	volume={3},
	year={2013},
	publisher={Nature Publishing Group}
}

@article{costantini2013studying,
	title={Studying social cognition using near-infrared spectroscopy: the case of social Simon effect},
	author={Costantini, Marcello and Di Vacri, Assunta and Chiarelli, Antonio Maria and Ferri, Francesca and Romani, Gian Luca and Merla, Arcangelo},
	journal={Journal of biomedical optics},
	volume={18},
	number={2},
	pages={025005--025005},
	year={2013},
	publisher={International Society for Optics and Photonics}
}

@article{zappasodi2017prognostic,
	title={Prognostic Value of EEG Microstates in Acute Stroke},
	author={Zappasodi, Filippo and Croce, Pierpaolo and Giordani, Alessandro and Assenza, Giovanni and Giannantoni, Nadia M and Profice, Paolo and Granata, Giuseppe and Rossini, Paolo M and Tecchio, Franca},
	journal={Brain topography},
	pages={1--13},
	year={2017},
	publisher={Springer}
}

@article{watanabe1999neonatal,
	title={Neonatal EEG: a powerful tool in the assessment of brain damage in preterm infants},
	author={Watanabe, Kazuyoshi and Hayakawa, Fumio and Okumura, Akihisa},
	journal={Brain and Development},
	volume={21},
	number={6},
	pages={361--372},
	year={1999},
	publisher={Elsevier}
}

@article{pfurtscheller2001functional,
	title={Functional brain imaging based on ERD/ERS},
	author={Pfurtscheller, G},
	journal={Vision research},
	volume={41},
	number={10},
	pages={1257--1260},
	year={2001},
	publisher={Elsevier}
}

@article{pfurtscheller2006future,
	title={Future prospects of ERD/ERS in the context of brain--computer interface (BCI) developments},
	author={Pfurtscheller, Gert and Neuper, Christa},
	journal={Progress in brain research},
	volume={159},
	pages={433--437},
	year={2006},
	publisher={Elsevier}
}

@article{steinbrink2006illuminating,
	title={Illuminating the BOLD signal: combined fMRI--fNIRS studies},
	author={Steinbrink, Jens and Villringer, Arno and Kempf, Florian and Haux, Daniel and Boden, Stefanie and Obrig, Hellmuth},
	journal={Magnetic resonance imaging},
	volume={24},
	number={4},
	pages={495--505},
	year={2006},
	publisher={Elsevier}
}

@article{naseer2015fnirs,
	title={fNIRS-based brain-computer interfaces: a review},
	author={Naseer, Noman and Hong, Keum-Shik},
	journal={Frontiers in human neuroscience},
	volume={9},
	year={2015},
	publisher={Frontiers Media SA}
}

@article{lecun2015deep,
	title={Deep learning},
	author={LeCun, Yann and Bengio, Yoshua and Hinton, Geoffrey},
	journal={Nature},
	volume={521},
	number={7553},
	pages={436--444},
	year={2015},
	publisher={Nature Research}
}

@article{schmidhuber2015deep,
	title={Deep learning in neural networks: An overview},
	author={Schmidhuber, J{\"u}rgen},
	journal={Neural networks},
	volume={61},
	pages={85--117},
	year={2015},
	publisher={Elsevier}
}

@article{bianchini2014complexity,
	title={On the complexity of neural network classifiers: A comparison between shallow and deep architectures},
	author={Bianchini, Monica and Scarselli, Franco},
	journal={IEEE transactions on neural networks and learning systems},
	volume={25},
	number={8},
	pages={1553--1565},
	year={2014},
	publisher={IEEE}
}

@article{simonyan2014very,
	title={Very deep convolutional networks for large-scale image recognition},
	author={Simonyan, Karen and Zisserman, Andrew},
	journal={arXiv preprint arXiv:1409.1556},
	year={2014}
}

@article{hinton2012deep,
	title={Deep neural networks for acoustic modeling in speech recognition: The shared views of four research groups},
	author={Hinton, Geoffrey and Deng, Li and Yu, Dong and Dahl, George E and Mohamed, Abdel-rahman and Jaitly, Navdeep and Senior, Andrew and Vanhoucke, Vincent and Nguyen, Patrick and Sainath, Tara N and others},
	journal={IEEE Signal Processing Magazine},
	volume={29},
	number={6},
	pages={82--97},
	year={2012},
	publisher={IEEE}
}

@inproceedings{collobert2008unified,
	title={A unified architecture for natural language processing: Deep neural networks with multitask learning},
	author={Collobert, Ronan and Weston, Jason},
	booktitle={Proceedings of the 25th international conference on Machine learning},
	pages={160--167},
	year={2008},
	organization={ACM}
}

@inproceedings{ronneberger2015u,
	title={U-net: Convolutional networks for biomedical image segmentation},
	author={Ronneberger, Olaf and Fischer, Philipp and Brox, Thomas},
	booktitle={International Conference on Medical Image Computing and Computer-Assisted Intervention},
	pages={234--241},
	year={2015},
	organization={Springer}
}

@book{hudson2000neural,
	title={Neural networks and artificial intelligence for biomedical engineering},
	author={Hudson, Donna L and Cohen, Maurice E},
	year={2000},
	publisher={Wiley Online Library}
}

@inproceedings{ciresan2012deep,
	title={Deep neural networks segment neuronal membranes in electron microscopy images},
	author={Ciresan, Dan and Giusti, Alessandro and Gambardella, Luca M and Schmidhuber, J{\"u}rgen},
	booktitle={Advances in neural information processing systems},
	pages={2843--2851},
	year={2012}
}

@inproceedings{krizhevsky2012imagenet,
	title={Imagenet classification with deep convolutional neural networks},
	author={Krizhevsky, Alex and Sutskever, Ilya and Hinton, Geoffrey E},
	booktitle={Advances in neural information processing systems},
	pages={1097--1105},
	year={2012}
}

@article{kingma2014adam,
	title={Adam: A method for stochastic optimization},
	author={Kingma, Diederik and Ba, Jimmy},
	journal={arXiv preprint arXiv:1412.6980},
	year={2014}
}

@inproceedings{dahl2013improving,
	title={Improving deep neural networks for LVCSR using rectified linear units and dropout},
	author={Dahl, George E and Sainath, Tara N and Hinton, Geoffrey E},
	booktitle={Acoustics, Speech and Signal Processing (ICASSP), 2013 IEEE International Conference on},
	pages={8609--8613},
	year={2013},
	organization={IEEE}
}

@inproceedings{maas2013rectifier,
	title={Rectifier nonlinearities improve neural network acoustic models},
	author={Maas, Andrew L and Hannun, Awni Y and Ng, Andrew Y},
	booktitle={Proc. ICML},
	volume={30},
	number={1},
	year={2013}
}

@inproceedings{pascanu2013difficulty,
	title={On the difficulty of training recurrent neural networks},
	author={Pascanu, Razvan and Mikolov, Tomas and Bengio, Yoshua},
	booktitle={International Conference on Machine Learning},
	pages={1310--1318},
	year={2013}
}

@article{hecht1988theory,
	title={Theory of the backpropagation neural network.},
	author={Hecht-Nielsen, Robert and others},
	journal={Neural Networks},
	volume={1},
	number={Supplement-1},
	pages={445--448},
	year={1988}
}

@article{kalchbrenner2014convolutional,
	title={A convolutional neural network for modelling sentences},
	author={Kalchbrenner, Nal and Grefenstette, Edward and Blunsom, Phil},
	journal={arXiv preprint arXiv:1404.2188},
	year={2014}
}

@inproceedings{mikolov2010recurrent,
	title={Recurrent neural network based language model.},
	author={Mikolov, Tomas and Karafi{\'a}t, Martin and Burget, Lukas and Cernock{\`y}, Jan and Khudanpur, Sanjeev},
	booktitle={Interspeech},
	volume={2},
	pages={3},
	year={2010}
}

@article{hochreiter1997long,
	title={Long short-term memory},
	author={Hochreiter, Sepp and Schmidhuber, J{\"u}rgen},
	journal={Neural computation},
	volume={9},
	number={8},
	pages={1735--1780},
	year={1997},
	publisher={MIT Press}
}

@article{pfurtscheller1997motor,
	title={Motor imagery activates primary sensorimotor area in humans},
	author={Pfurtscheller, Gert and Neuper, Christa},
	journal={Neuroscience letters},
	volume={239},
	number={2},
	pages={65--68},
	year={1997},
	publisher={Elsevier}
}

@article{govindan2016novel,
	title={A novel technique for quantitative bedside monitoring of neurovascular coupling},
	author={Govindan, Rathinaswamy B and Massaro, An and Chang, Taeun and Vezina, Gilbert and du Plessis, Adr{\'e}},
	journal={Journal of neuroscience methods},
	volume={259},
	pages={135--142},
	year={2016},
	publisher={Elsevier}
}

@article{sassaroli2004comment,
	title={Comment on the modified Beer--Lambert law for scattering media},
	author={Sassaroli, Angelo and Fantini, Sergio},
	journal={Physics in Medicine and Biology},
	volume={49},
	number={14},
	pages={N255},
	year={2004},
	publisher={IOP Publishing}
}

@article{gagnon2014further,
	title={Further improvement in reducing superficial contamination in NIRS using double short separation measurements},
	author={Gagnon, Louis and Y{\"u}cel, Meryem A and Boas, David A and Cooper, Robert J},
	journal={Neuroimage},
	volume={85},
	pages={127--135},
	year={2014},
	publisher={Elsevier}
}

@article{zijlstra1991absorption,
	title={Absorption spectra of human fetal and adult oxyhemoglobin, de-oxyhemoglobin, carboxyhemoglobin, and methemoglobin.},
	author={Zijlstra, WG and Buursma, A and Meeuwsen-Van der Roest, WP},
	journal={Clinical chemistry},
	volume={37},
	number={9},
	pages={1633--1638},
	year={1991},
	publisher={Clinical Chemistry}
}

@article{scholkmann2013general,
	title={General equation for the differential pathlength factor of the frontal human head depending on wavelength and age},
	author={Scholkmann, Felix and Wolf, Martin},
	journal={Journal of biomedical optics},
	volume={18},
	number={10},
	pages={105004--105004},
	year={2013},
	publisher={International Society for Optics and Photonics}
}

@article{mackay1996hyperparameters,
	title={Hyperparameters: optimize, or integrate out?},
	author={MacKay, David JC},
	journal={Fundamental theories of physics},
	volume={62},
	pages={43--60},
	year={1996},
	publisher={KLUWER ACADEMIC PUBLISHERS}
}


@inproceedings{sutskever2013importance,
	title={On the importance of initialization and momentum in deep learning},
	author={Sutskever, Ilya and Martens, James and Dahl, George and Hinton, Geoffrey},
	booktitle={International conference on machine learning},
	pages={1139--1147},
	year={2013}
}

@incollection{hastie2009overview,
	title={Overview of supervised learning},
	author={Hastie, Trevor and Tibshirani, Robert and Friedman, Jerome},
	booktitle={The elements of statistical learning},
	pages={9--41},
	year={2009},
	publisher={Springer}
}

@book{murphy2012machine,
	title={Machine learning: a probabilistic perspective},
	author={Murphy, Kevin P},
	year={2012},
	publisher={MIT press}
}

@inproceedings{kohavi1995study,
	title={A study of cross-validation and bootstrap for accuracy estimation and model selection},
	author={Kohavi, Ron and others},
	booktitle={Ijcai},
	volume={14},
	number={2},
	pages={1137--1145},
	year={1995},
	organization={Stanford, CA}
}

@article{abadi2016tensorflow,
	title={Tensorflow: Large-scale machine learning on heterogeneous distributed systems},
	author={Abadi, Mart{\'\i}n and Agarwal, Ashish and Barham, Paul and Brevdo, Eugene and Chen, Zhifeng and Citro, Craig and Corrado, Greg S and Davis, Andy and Dean, Jeffrey and Devin, Matthieu and others},
	journal={arXiv preprint arXiv:1603.04467},
	year={2016}
}

@article{balakrishnama1998linear,
	title={Linear discriminant analysis-a brief tutorial},
	author={Balakrishnama, Suresh and Ganapathiraju, Aravind},
	journal={Institute for Signal and information Processing},
	volume={18},
	year={1998}
}

@article{cortes1995support,
	title={Support vector machine},
	author={Cortes, Corinna and Vapnik, Vladimir},
	journal={Machine learning},
	volume={20},
	number={3},
	pages={273--297},
	year={1995}
}

@inproceedings{snoek2012practical,
	title={Practical bayesian optimization of machine learning algorithms},
	author={Snoek, Jasper and Larochelle, Hugo and Adams, Ryan P},
	booktitle={Advances in neural information processing systems},
	pages={2951--2959},
	year={2012}
}

@article{bengio2000gradient,
	title={Gradient-based optimization of hyperparameters},
	author={Bengio, Yoshua},
	journal={Neural computation},
	volume={12},
	number={8},
	pages={1889--1900},
	year={2000},
	publisher={MIT Press}
}

@article{park1991universal,
	title={Universal approximation using radial-basis-function networks},
	author={Park, Jooyoung and Sandberg, Irwin W},
	journal={Neural computation},
	volume={3},
	number={2},
	pages={246--257},
	year={1991},
	publisher={MIT Press}
}

@article{croce2016eeg,
	title={EEG? fMRI Bayesian framework for neural activity estimation: a simulation study},
	author={Croce, Pierpaolo and Basti, Alessio and Marzetti, Laura and Zappasodi, Filippo and Del Gratta, Cosimo},
	journal={Journal of neural engineering},
	volume={13},
	number={6},
	pages={066017},
	year={2016},
	publisher={IOP Publishing}
}

@article{shin2017evaluation,
	title={Evaluation of a Compact Hybrid Brain-Computer Interface System},
	author={Shin, Jaeyoung and M{\"u}ller, Klaus-Robert and Schmitz, Christoph H and Kim, Do-Won and Hwang, Han-Jeong},
	journal={BioMed research international},
	volume={2017},
	year={2017},
	publisher={Hindawi Publishing Corporation}
}

@article{shin2017open,
	title={Open Access Dataset for EEG+ NIRS Single-Trial Classification},
	author={Shin, Jaeyoung and von L{\"u}hmann, Alexander and Blankertz, Benjamin and Kim, Do-Won and Jeong, Jichai and Hwang, Han-Jeong and M{\"u}ller, Klaus-Robert},
	journal={IEEE Transactions on Neural Systems and Rehabilitation Engineering},
	volume={25},
	number={10},
	pages={1735--1745},
	year={2017},
	publisher={IEEE}
}